<collection xmlns="http://www.loc.gov/MARC21/slim">
<record>
  <leader>00908nam0a22002051i 450 </leader>
  <controlfield tag="001">IT\ICCU\CNCE\057809</controlfield>
  <controlfield tag="005">20070427000000.0</controlfield>
  <datafield tag="100" ind1=" " ind2=" ">
    <subfield code="a">20040428d1600        0itac0103    ba</subfield>
  </datafield>
  <datafield tag="101" ind1=" " ind2=" ">
    <subfield code="a">ITA</subfield>
  </datafield>
  <datafield tag="102" ind1=" " ind2=" ">
    <subfield code="a">IT</subfield>
  </datafield>
  <datafield tag="200" ind1="1" ind2=" ">
    <subfield code="a">Francesco cardinale S. Clemente della prouincia di Romagna. &amp; Essarcato di Rauenna de latere Legato ...</subfield>
  </datafield>
  <datafield tag="210" ind1=" " ind2=" ">
    <subfield code="e">In Cesena</subfield>
    <subfield code="g">appresso Francesco Rauerij stampator camerale</subfield>
    <subfield code="h">1600</subfield>
  </datafield>
  <datafield tag="215" ind1=" " ind2=" ">
    <subfield code="a">1 foglio</subfield>
  </datafield>
  <datafield tag="620" ind1=" " ind2=" ">
    <subfield code="a">IT</subfield>
    <subfield code="d">Cesena</subfield>
  </datafield>
  <datafield tag="702" ind1=" " ind2="1">
    <subfield code="a">Sangiorgio,</subfield>
    <subfield code="b">Giovanni Francesco</subfield>
    <subfield code="c"> &lt;conte di Biandrate&gt;</subfield>
    <subfield code="3">IT\ICCU\CNCA\017607</subfield>
  </datafield>
  <datafield tag="712" ind1="0" ind2="0">
    <subfield code="a">Raverio, Francesco</subfield>
    <subfield code="3">IT\ICCU\CNCT\001416</subfield>
    <subfield code="4">650</subfield>
  </datafield>
  <datafield tag="790" ind1=" " ind2="1">
    <subfield code="a">Biandrate di San Giorgio,</subfield>
    <subfield code="b">Giovanni Francesco</subfield>
    <subfield code="3">IT\ICCU\CNCA\024312</subfield>
    <subfield code="z">Sangiorgio, Giovanni Francesco &lt;conte di Biandrate&gt;</subfield>
  </datafield>
  <datafield tag="791" ind1="0" ind2="0">
    <subfield code="a">Raverius, Franciscus</subfield>
    <subfield code="3">IT\ICCU\CNCT\005327</subfield>
    <subfield code="z">Raverio, Francesco</subfield>
  </datafield>
  <datafield tag="791" ind1="0" ind2="0">
    <subfield code="a">Raverii, Francesco</subfield>
    <subfield code="3">IT\ICCU\CNCT\005330</subfield>
    <subfield code="z">Raverio, Francesco</subfield>
  </datafield>
  <datafield tag="801" ind1=" " ind2="3">
    <subfield code="a">IT</subfield>
    <subfield code="b">ICCU</subfield>
    <subfield code="c">20201115</subfield>
  </datafield>
</record>
</collection>
